
@INBOOK {Rajaraman2012,
    author = "Anand Rajaraman and Jeffrey David Ullman",
    title = "Mining of Massive Datasets",
    publisher = "Cambridge University Press",
    chapter = 3,
    pages = "53-70",
    year = 2012, 
}

@ARTICLE {Mezulis2016,
    author = "Stefans Mezulis and Micheal J.E. Sternberg and Lawrence A. Kelley",
    title = "Phyre{S}torm: A Web Server for Fast Structural Searches Against the {PDB}",
    journal = "J. Mol. Biol.",
    volume = 428,
    number = 4,
    pages = "702-708",
    year = 2016,
}

@ARTICLE{Sillitoe2015,
    author = {Sillitoe, Ian and Lewis, Tony E. and Cuff, Alison and Das, Sayoni and Ashford, Paul and Dawson, Natalie L. and Furnham, Nicholas and Laskowski, Roman A. and Lee, David and Lees, Jonathan G. and Lehtinen, Sonja and Studer, Romain A. and Thornton, Janet and Orengo, Christine A.},
    title = {CATH: comprehensive structural and functional annotations for genome sequences},
    journal = {Nucleic Acids Research},
    volume = {43},
    number = {D1},
    pages = {D376-D381},
    year = {2015},
}

@ARTICLE {Dawson2017,
    author = "Natalie L. Dawson and Tony E. Lewis and Sayoni Das and Jonathan G. Lees and David Lee and Paul Ashford and Christine A. Orengo and Ian Sillitoe",
    title = "{CATH}: an expanded resource to predict protein function through structure and sequence",
    journal = "Nucleic Acids Res.",
    volume = 45,
    number = "D1", 
    pages = "D289-D295",
    year = "2017",
}

@ARTICLE {Orengo1997,
    author = "Christine Orengo and A Mitchie and S Jones and D T. Jones and M Swindells and J M. Thornton",
    title = "{CATH} - A hierarchic classification of protein domain structures",
    journal = "Structure",
    volume = 5,
    number = 8,
    pages = "1093-1109",
    year = 1997,
}

@ARTICLE {Kabsch1983,
    author = "Wolfgang Kabsch and Christian Sander",
    title = "Dictionary of protein secondary structure: Pattern recognition of hydrogen-bonded and geometrical features",
    journal = "Biopolymers",
    volume = 22,
    number = 12,
    pages = "2577-2637",
    year = 1983,
}

@ARTICLE {Redfern2007,
    author = "Oliver C. Redfern and Andrew Harrison and Tim Dallman and Frances M.G. Pearl and Christine A. Orengo",
    title = "{CATHEDRAL}: A Fast and Effective Algorithm to Predict Folds and Domain Boundaries from Multidomain Protein Structures",
    journal = "{PL}o{S} Comput. Biol.",
    volume = 3,
    number = 11,
    pages = "e232",
    year = 2007,
}

@ARTICLE {Prlic2010,
    author = "Andreas Prli{\'c} and Spencer Bliven and Peter W. Rose and Wolfgang F. Bluhm and Chris Bizon and Adam Godzik and Philip E. Bourne",
    title = "Pre-calculated protein structure alignments at the {RCSB} {PDB} website",
    journal = "Bioinformatics",
    volume = 26,
    number = 23,
    pages = "2983-2985",
    year = 2010,
}

@ARTICLE {BioJava2012,
    author = "Andreas Prli{\'c} and Andrew Yates and Spencer E. Bliven and Peter W. Rose and Julius Jacobsen and Peter V. Troshin and Mark Chapman and Jianjiong Gao and Chuan Hock Koh and Sylvain Foisy and Richard Holland and Gediminas Rimsa and Michael L. Heuer and H. Brandstatter-Muller and Philip E. Bourne and Scooter Willis",
    title = "Bio{J}ava: an open-source framework for bioinformatics in 2012",
    journal = "Bioinformatics",
    volume = 28,
    number = 20,
    pages = "2693-2695",
    year = 2012,
}

@INPROCEEDINGS {Broder1997a,
    author = "Andrei Z. Broder",
    title = "On the resemblance and containment of documents",
    booktitle = "Proc. Compression and Complexity of Sequences",
    pages = "21-29",
    address = "Positano, Italy",
    year = 1997,
}

@ARTICLE {Broder1997b,
    author = "Andrei Z. Broder and Steven C. Glassman and Mark S. Manasse and Geoffrey Zweig",
    title = "Syntactic clustering of the Web",
    journal = "Computer Networks and ISDN Systems",
    volume = 29,
    number = "8-13",
    pages = "1157-1166",
    year = 1997,
}

@INPROCEEDINGS {Broder1998,
    author = "Andrei Z. Broder and Moses Charikar and Alan M. Frieze and Michael Mitzenmacher",
    title = "Min-wise independent permutations",
    booktitle = "ACM Symposium on Theory of Computing",
    pages = "327-336",
    address = "Dallas, USA",
    year = 1998,
}

@ARTICLE {Ye2003,
    author = "Yuzhen Ye, Adam Godzik",
    title = "Flexible structure alignment by chaining aligned fragment pairs allowing twists",
    journal = "Bioinformatics",
    volume = 19,
    number = 2,
    pages = "246-255",
    year = 2003,
}

@ARTICLE {Ye2004,
    author = "Yuzhen Ye, Adam Godzik",
    title = "{FATCAT}: a web server for flexible structure comparison and structure similarity searching",
    journal = "Nucleic Acids Res.",
    volume = 32,
    number = 2,
    pages = "582-585",
    year = 2004,
}

@INPROCEEDINGS {Indyk1998,
    author = "Piotr Indyk and Rajeev Motwani",
    title = "Approximate nearest neighbors: towards removing the curse of dimensionality",
    booktitle = "ACM Symposium on Theory of Computing",
    pages = "604-613",
    address = "Dallas, USA",
    year = 1998,
}

@ARTICLE {Gilbrat1996,
    author = "Jean-Francois Gilbrat and Thomas Madej and Stephen H. Bryant",
    title = "Surprising similarities in structure comparison",
    journal = "Curr. Opin. Struct. Biol.",
    volume = 6,
    number = 3,
    pages = "377-385",
    year = 1996,
}

@ARTICLE {Shindyalov1998,
    author = "Ilya N. Shindyalov and Philip E. Bourne",
    title = "Protein structure alignment by incremental combinatorial extension ({CE}) of the optimal path",
    journal = "Protein Eng. Des. Sel.",
    volume = 11,
    number = 9,
    pages = "739-747",
    year = 1998,
}

@INPROCEEDINGS {Tal2010,
    author = "Inbal Budowski-Tal and Yuval Nov and Rachel Kolodny",
    title = "Frag{B}ag, an accurate representation of protein structure, retrieves structural neighbors from the entire {PDB} quickly and accurately",
    booktitle= "Proc. Natl. Acad. Sci.",
    volume = 107,
    pages = "3481-3486",
    address = "USA",
    year = 2010,
}

@ARTICLE {Andreeva2007, 
    author = "Antonina Andreeva and Andreas Prli{\'c} and Tim J.P. Hubbard and Alexey G. Murzin",
    title = "{SISYPHUS}: structural alignments for proteins with non-trivial relationships",
    journal = "Nucleic Acids Res.",
    volume = 35,
    number = 1,
    pages = "253-259",
    year = 2007,
} 

@ARTICLE {Ramachandran1963, 
    author = "G N. Ramachandran and C Ramakrishnan and V Sasisekharan",
    title = "Stereochemistry of polypeptide chain configurations",
    journal = "J. Mol. Biol.",
    volume = 7,
    pages = "95-99",
    year = 1963,
} 

@ARTICLE {Ramachandran1968, 
    author = "G N. Ramachandran and V Sasisekharan",
    title = "Conformation of polypeptides and proteins",
    journal = "Adv. Protein Chem.",
    volume = 23,
    pages = "283-438",
    year = 1968,
} 

@ARTICLE {Karplus2010, 
    author = "Scott A. Hollingsworth and P Andrew Karplus",
    title = "A fresh look at the {R}amachandran plot and the occurrence of standard structures in proteins",
    journal = "Biomol. Concepts",
    volume = 1,
    pages = "271-283",
    year = 2010,
}

@UNPUBLISHED{PyMOL,
    note = "{T}he PyMOL Molecular Graphics System, Version 1.8, Schr{\"o}dinger, LLC.",
    author = "{Schr\"odinger, LLC}",
    title = "The {PyMOL} Molecular Graphics System, Version~1.8",
    year = 2015,
    month = "November"
}

@ARTICLE {Crick1970,
    author = "Francis Crick",
    title = "Central dogma of molecular biology",
    journal = "Nature",
    volume = 227,
    number = 5258,
    pages = "561-563",
    year = 1970,
}

@ARTICLE {Bliven2015,
    author = "Spencer E. Bliven and Philip E. Bourne and Andreas Prli{\'c}", 
    title = "Detection of circular permutations within protein structures using {CE-CP}", 
    journal = "Bioinformatics",
    year = 2015,
    volume = 31,
    number = 8,
    pages = "1316-1318",
}

@ARTICLE{gkw1000,
    author = {Rose, Peter W. and Prli{\'c}, Andreas and Altunkaya, Ali and Bi, Chunxiao and Bradley, Anthony R. and Christie, Cole H. and Costanzo, Luigi Di and Duarte, Jose M. and Dutta, Shuchismita and Feng            , Zukang and Green, Rachel Kramer and Goodsell, David S. and Hudson, Brian and Kalro, Tara and Lowe, Robert and Peisach, Ezra and Randle, Christopher and Rose, Alexander S. and Shao, Chenghua             and Tao, Yi-Ping and Valasatava, Yana and Voigt, Maria and Westbrook, John D. and Woo, Jesse and Yang, Huangwang and Young, Jasmine Y. and Zardecki, Christine and Berman, Helen M. and Burley,             Stephen K.},
    title = {The {RCSB} protein data bank: integrative view of protein, gene and {3D} structural information},
    journal = {Nucleic Acids Res.},
    volume = {45},
    number = {D1},
    pages = {D271-D281},
    year = {2017},
}

@ARTICLE{Holm1996,
    title = "Mapping the Protein Universe",
    author = "Liisa Holm and Chris Sander",
    journal = "Science",
    volume = 273,
    number = 5275,
    pages = "595-602",
    year = 1996,
}

@ARTICLE{Murzin1998, 
    author = "Alexey G. Murzin",
    title = "How far divergent evolution goes in proteins",
    journal = "Curr. Opin. Struct. Biol.",
    volume = 8,
    number = 3,
    year = 1998,
    pages = "380-387",
}

@ARTICLE{Carpentier2005,
    title = "{YAKUSA}: A fast structural database scanning method",
    author = "Mathilde Carpentier and Sophie Brouillet and JoÃ«l Pothier",
    volume = 61,
    number = 1,
    year = 2005,
    pages = "137-151",
    journal = "Proteins",
}

@ARTICLE{Daniluk2011,
    author= "Pawe{\l} Daniluk and Bogdan Lesyng",
    title= "A novel method to compare protein structures using local descriptors",
    journal = "BMC Bioinformatics",
    year = 2011,
    volume = 12,
    number = 1,
    pages = "344",
}

@INBOOK{Ritchie2012,
    author = {Lazaros Mavridis and David W. Ritchie},
    title = "{3D-Blast}: {3D} protein structure alignment, comparison, and classification using spherical polar fourier correlations",
    booktitle = "Biocomputing 2010",
    pages = "281-292",
    publisher = "World Scientific",
    year = 2012,
}

@INPROCEEDINGS {Chum2008,
    author = {Ondrej Chum and James Philbin and Andrew Zisserman},
    title = {Near Duplicate Image Detection: min-Hash and tf-idf Weighting},
    booktitle = "Proceedings of BMVC (2008)",
    pages = "493-502",
    address = "USA",
    year = 2008,
}

@ARTICLE{Martin2005,
    author = "Juliette Martin and Guillaume Letellier and Antoine Marin and Jean-Fran{\c{c}}ois Taly and Alexandre G. de Brevern and Jean-Fran{\c{c}}ois Gibrat",
    title = "Protein secondary structure assignment revisited: a detailed analysis of different assignment methods",
    journal = "BMC Structural Biology",
    year = 2005,
    volume = 5,
    number = 1,
    pages = "17",
}

@ARTICLE{Zhang2004,
    author = "Yang Zhang and Jeffrey Skolnick",
    title = "Scoring function for automated assessment of protein structure template quality",
    journal = "Proteins",
    year = 2004,
    volume = 57,
    number = 4,
    pages = "702-710",
}

@ARTICLE{Fox2013,
    author = "Naomi K. Fox and Steven E. Brenner and John-Marc Chandonia",
    title = "{SCOP}e: Structural Classification of Proteins - extended, integrating {SCOP} and {ASTRAL} data and classification of new structures",
    journal = "Nucleic Acids Res.",
    volume = 42,
    number = 1,
    pages = "304-309",
    year = 2014,
}

@INPROCEEDINGS {Joshi2008,
    author = "S Joshi and D Contractor and K Ng and P M Deshpande and T Hampp",
    title = "Auto-grouping emails for faster e-discovery",
    booktitle = "Proceedings of Very Large Databases Endowment 2011",
    pages = "1284-1294",
    volume = 4,
    year = 2011,
}

@ARTICLE{Xu2010,
    author = "J Xu, Y Zhang",
    title = "How significant is a protein structure similarity with {TM}-score = 0.5?",
    journal = "Bioinformatics",
    volume = 26,
    number = 7,
    pages = "889-895",
    year = 2010,
}


@ARTICLE{Karp1987, 
    author = {R. M. Karp and M. O. Rabin}, 
    journal = {{IBM} Journal of Research and Development}, 
    title = {Efficient randomized pattern-matching algorithms}, 
    year = {1987}, 
    volume = {31}, 
    number = {2}, 
    pages = {249-260},
}

@ARTICLE{Aungand2004,
    author = {Zeyar Aungand and Kian-Lee Tan},
    title = {Rapid 3D protein structure database searching using information retrieval techniques},
    journal = {Bioinformatics},
    volume = {20},
    number = {7},
    pages = {1045-1052},
    year = {2004},
}

@ARTICLE{Zhang2010,
    author = "Lei Zhang and James Bailey and Arun S Konagurthu and Kotagiri Ramamohanarao",
    journal = "{BMC} Bioinformatics",
    title = "A fast indexing approach for protein structure comparison",
    year = 2010,
    volume = 11,
    number = "Suppl 1",
    pages = "S46",
}

@ARTICLE{Budowski2010,
    author = {Inbal Budowski-Tal and Yuval Nov and Rachel Kolodny}, 
    journal = {Proceedings of the National Academy of Sciences},
    title = {{FragBag}, an accurate representation of protein structure, retrieves structural neighbors from the entire {PDB} quickly and accurately},
    volume = {107}, 
    number = {8}, 
    pages = {3481-3486}, 
    year = {2010}, 
}

@ARTICLE{Levan1971,
    author = "Michael Levandowsky and David Winter",
    title = "Distance between Sets",
    journal = "Nature",
    volume = 234,
    pages = "34-35",
    number = 5323,
    year = 1971,
}

@ARTICLE{Schad2011,
    author = "Eva Schad
        and Peter Tompa
        and Hedi Hegyi",
    title = "The relationship between proteome size, structural disorder and organism complexity",
    journal = "Genome Biology",
    year = "2011",
    volume = "12",
    number = "12",
    pages = "R120",
}

@INPROCEEDINGS{Ayoub2017, 
    author={R. Ayoub and Y. Lee}, 
    booktitle={2017 IEEE International Conference on Bioinformatics and Biomedicine (BIBM)}, 
    title={RUPEE: Scalable protein structure search using run position encoded residue descriptors}, 
    year={2017}, 
    volume={}, 
    number={}, 
    pages={74-78}, 
    ISSN={}, 
    month={Nov}
}

@ARTICLE{Ayoub2019,
    author = {Ayoub, Ronald AND Lee, Yugyung},
    journal = {PLOS ONE},
    publisher = {Public Library of Science},
    title = {RUPEE: A fast and accurate purely geometric protein structure search},
    year = {2019},
    month = {03},
    volume = {14},
    pages = {1-17},
    number = {3}
}

@ARTICLE{Dong2018,
    author = {Dong, Runze and Pan, Shuo and Peng, Zhenling and Zhang, Yang and Yang, Jianyi},
    journal = {Nucleic Acids Research},
    number = {July},
    pages = {380--386},
    publisher = {Oxford University Press},
    title = {{mTM-align: a server for fast protein structure database search and multiple protein structure alignment}},
    volume = {46},
    year = {2018}
}

@ARTICLE{Krissinel2004,
    author = {Krissinel, E. and Henrick, K.},
    journal = {Acta Crystallographica Section D: Biological Crystallography},
    number = {12 I},
    pages = {2256--2268},
    publisher = {International Union of Crystallography},
    title = {{Secondary-structure matching (SSM), a new tool for fast protein structure alignment in three dimensions}},
    volume = {60},
    year = {2004}
}

@ARTICLE{Cheng2014,
    author = {Cheng, Hua and Schaeffer, R. Dustin and Liao, Yuxing and Kinch, Lisa N. and Pei, Jimin and Shi, Shuoyong and Kim, Bong Hyun and Grishin, Nick V.},
    journal = {PLoS Computational Biology},
    number = {12},
    title = {{ECOD: An Evolutionary Classification of Protein Domains}},
    volume = {10},
    year = {2014}
}

@ARTICLE{Zhang2005,
    author = {Zhang, Yang and Skolnick, Jeffrey},
    journal = {Nucleic Acids Research},
    number = {7},
    pages = {2302--2309},
    title = {{TM-align: A protein structure alignment algorithm based on the TM-score}},
    volume = {33},
    year = {2005}
}

@ARTICLE{Sander1995,
    title = "Dali: a network tool for protein structure comparison",
    journal = "Trends in Biochemical Sciences",
    volume = "20",
    number = "11",
    pages = "478 - 480",
    year = "1995",
    author = "Liisa Holm and Chris Sander"
}

@ARTICLE{Holm2010,
    author = {Holm, Liisa and Rosenstr{\"{o}}m, P{\"{a}}ivi},
    journal = {Nucleic Acids Research},
    number = {SUPPL. 2},
    pages = {1--5},
    title = {{Dali server: Conservation mapping in 3D}},
    volume = {38},
    year = {2010}
}

@ARTICLE{Needleman1970,
    title = "A general method applicable to the search for similarities in the amino acid sequence of two proteins",
    journal = "Journal of Molecular Biology",
    volume = "48",
    number = "3",
    pages = "443-453",
    year = "1970",
    issn = "0022-2836",
    author = "Saul B. Needleman and Christian D. Wunsch"
}

@ARTICLE{Brudno2003,
    author = {Brudno, Michael and Malde, Sanket and Poliakov, Alexander and Do, Chuong B. and Couronne, Olivier and Dubchak, Inna and Batzoglou, Serafim},
    title = {Glocal alignment: finding rearrangements during alignment},
    journal = {Bioinformatics},
    volume = {19},
    pages = {i54-i62},
    year = {2003},
    month = {07},
    issn = {1367-4803}
}

@ARTICLE{Moult1995,
    author = {Moult, John and Pedersen, Jan T. and Judson, Richard and Fidelis, Krzysztof},
    title = {A large-scale experiment to assess protein structure prediction methods},
    journal = {Proteins: Structure, Function, and Bioinformatics},
    volume = {23},
    number = {3},
    pages = {ii-iv},
    year = {1995}
}

@ARTICLE{Moult2016,
    author = {Moult, John and Fidelis, Krzysztof and Kryshtafovych, Andriy and Schwede, Torsten and Tramontano, Anna},
    title = {Critical assessment of methods of protein structure prediction: Progress and new directions in round XI},
    journal = {Proteins: Structure, Function, and Bioinformatics},
    volume = {84},
    number = {S1},
    pages = {4-14},
    keywords = {protein structure modeling, community wide experiment, CASP},
    year = {2016}
}

@ARTICLE{alq2019,
    author = {AlQuraishi, Mohammed},
    title = "{AlphaFold at CASP13}",
    journal = {Bioinformatics},
    year = {2019},
    month = {05},
    issn = {1367-4803}
}





